@book{SOAP,
	title = {{Programming Web Services with SOAP}},
	author = {Tidwell, D. and Snell, J. and Kulchenko, P.},
	publisher = {O'Reilly Media},
	isbn = {0-596-00095-2},
	year = {2001}
}

@book{RESTful,
	title = {{RESTful Web APIs}},
	author = {Richardson, L. and Amundsen, M.},
	publisher = {O'Reilly Media},
	isbn = {978-1-449-35806-8},
	year = {2013}
}

@misc{GQLsite,
  title = {{GraphQL | A query language for your API}},
  howpublished = {\url{https://graphql.org}},
  note = {dostęp dnia 17 listopada 2019}
}

@misc{GQLspec,
  title = {{GraphQL Spec, Czwerwiec 2018}},
  howpublished = {\url{https://graphql.github.io/graphql-spec/June2018}},
  note = {dostęp dnia 17 listopada 2019}
}

@book{GraphQL,
	title = {{Learning GraphQL}},
	author = {Porcello, E. and Banks, A.},
	publisher = {O'Reilly Media},
	isbn = {978-1-492-03071-3},
	year = {2018}
}

@misc{SoapMsg,
  title = {{XML Soap}},
  howpublished = {\url{https://www.w3schools.com/xml/xml_soap.asp}},
  note = {dostęp dnia 17 listopada 2019}
}

@misc{RestMsg,
  title = {{HATEOAS - Wikipedia}},
  howpublished = {\url{https://en.wikipedia.org/wiki/HATEOAS}},
  note = {dostęp dnia 17 listopada 2019}
}

@article{docker,
	author = {Merkel, D.},
	title = {Docker: Lightweight Linux Containers for Consistent Development and Deployment},
	journal = {Linux Journal},
	year = {2014}
}

@misc{PKCE,
  title = {{RFC 7636 - Proof Key for Code Exchange by OAuth Public Clients}},
  howpublished = {\url{https://tools.ietf.org/html/rfc7636}},
  note = {dostęp dnia 17 listopada 2019}
}

@misc{dotnetWatch,
  title = {Dispersia/Dotnet-Watch-Docker-Example},
  howpublished = {\url{https://github.com/Dispersia/Dotnet-Watch-Docker-Example}},
  note = {dostęp dnia 20 listopada 2019}
}

@misc{reactiveX,
  title = {{ReactiveX}},
  howpublished = {\url{http://reactivex.io}},
  note = {dostęp dnia 20 listopada 2019}
}

